@book{GareyJohnson,
  author    = {Michael R. Garey and
               David S. Johnson},
  title     = {Computers and Intractability: {A} Guide to the Theory of NP-Completeness},
  publisher = {W. H. Freeman},
  year      = {1979},
  isbn      = {0-7167-1044-7},
  timestamp = {Thu, 29 Mar 2007 16:16:40 +0200},
  biburl    = {https://dblp.org/rec/books/fm/GareyJ79.bib},
  bibsource = {dblp computer science bibliography, https://dblp.org}
}

@article{AkibaIwata,
  author    = {Takuya Akiba and
               Yoichi Iwata},
  title     = {Branch-and-reduce exponential/{FPT} algorithms in practice: {A} case
               study of vertex cover},
  journal   = {Theor. Comput. Sci.},
  volume    = {609},
  pages     = {211--225},
  year      = {2016},
  url       = {https://doi.org/10.1016/j.tcs.2015.09.023},
  doi       = {10.1016/j.tcs.2015.09.023},
  timestamp = {Sun, 28 May 2017 13:20:09 +0200},
  biburl    = {https://dblp.org/rec/journals/tcs/AkibaI16.bib},
  bibsource = {dblp computer science bibliography, https://dblp.org}
}

@article{Fomin,
  author    = {Fedor V. Fomin and
               Fabrizio Grandoni and
               Dieter Kratsch},
  title     = {A measure {\&} conquer approach for the analysis of exact algorithms},
  journal   = {J. {ACM}},
  volume    = {56},
  number    = {5},
  pages     = {25:1--25:32},
  year      = {2009},
  url       = {https://doi.org/10.1145/1552285.1552286},
  doi       = {10.1145/1552285.1552286},
  timestamp = {Wed, 14 Nov 2018 10:35:24 +0100},
  biburl    = {https://dblp.org/rec/journals/jacm/FominGK09.bib},
  bibsource = {dblp computer science bibliography, https://dblp.org}
}

@article{XiaoNagamochi,
  author    = {Mingyu Xiao and
               Hiroshi Nagamochi},
  title     = {Exact algorithms for maximum independent set},
  journal   = {Inf. Comput.},
  volume    = {255},
  pages     = {126--146},
  year      = {2017},
  url       = {https://doi.org/10.1016/j.ic.2017.06.001},
  doi       = {10.1016/j.ic.2017.06.001},
  timestamp = {Wed, 14 Nov 2018 10:35:08 +0100},
  biburl    = {https://dblp.org/rec/journals/iandc/XiaoN17.bib},
  bibsource = {dblp computer science bibliography, https://dblp.org}
}

@article{Bourgeois,
  author    = {Nicolas Bourgeois and
               Bruno Escoffier and
               Vangelis Th. Paschos and
               Johan M. M. van Rooij},
  title     = {Fast Algorithms for max independent set},
  journal   = {Algorithmica},
  volume    = {62},
  number    = {1-2},
  pages     = {382--415},
  year      = {2012},
  url       = {https://doi.org/10.1007/s00453-010-9460-7},
  doi       = {10.1007/s00453-010-9460-7},
  timestamp = {Wed, 17 May 2017 14:25:14 +0200},
  biburl    = {https://dblp.org/rec/journals/algorithmica/BourgeoisEPR12.bib},
  bibsource = {dblp computer science bibliography, https://dblp.org}
}

@article{ChenXiaKanj,
  author    = {Jianer Chen and
               Iyad A. Kanj and
               Ge Xia},
  title     = {Improved upper bounds for vertex cover},
  journal   = {Theor. Comput. Sci.},
  volume    = {411},
  number    = {40-42},
  pages     = {3736--3756},
  year      = {2010},
  url       = {https://doi.org/10.1016/j.tcs.2010.06.026},
  doi       = {10.1016/j.tcs.2010.06.026},
  timestamp = {Sun, 28 May 2017 13:20:06 +0200},
  biburl    = {https://dblp.org/rec/journals/tcs/ChenKX10.bib},
  bibsource = {dblp computer science bibliography, https://dblp.org}
}

@inproceedings{Kneis,
  author    = {Joachim Kneis and
               Alexander Langer and
               Peter Rossmanith},
  editor    = {Ravi Kannan and
               K. Narayan Kumar},
  title     = {A Fine-grained Analysis of a Simple Independent Set Algorithm},
  booktitle = {{IARCS} Annual Conference on Foundations of Software Technology and
               Theoretical Computer Science, {FSTTCS} 2009, December 15-17, 2009,
               {IIT} Kanpur, India},
  series    = {LIPIcs},
  volume    = {4},
  pages     = {287--298},
  publisher = {Schloss Dagstuhl - Leibniz-Zentrum f{\"{u}}r Informatik},
  year      = {2009},
  url       = {https://doi.org/10.4230/LIPIcs.FSTTCS.2009.2326},
  doi       = {10.4230/LIPIcs.FSTTCS.2009.2326},
  timestamp = {Tue, 11 Feb 2020 15:52:14 +0100},
  biburl    = {https://dblp.org/rec/conf/fsttcs/KneisLR09.bib},
  bibsource = {dblp computer science bibliography, https://dblp.org}
}

@article{LiJiang,
  author    = {Chu{-}Min Li and
               Hua Jiang and
               Felip Many{\`{a}}},
  title     = {On minimization of the number of branches in branch-and-bound algorithms
               for the maximum clique problem},
  journal   = {Comput. Oper. Res.},
  volume    = {84},
  pages     = {1--15},
  year      = {2017},
  url       = {https://doi.org/10.1016/j.cor.2017.02.017},
  doi       = {10.1016/j.cor.2017.02.017},
  timestamp = {Tue, 18 Feb 2020 13:55:56 +0100},
  biburl    = {https://dblp.org/rec/journals/cor/LiJM17.bib},
  bibsource = {dblp computer science bibliography, https://dblp.org}
}

@inproceedings{LiFangXu,
  author    = {Chu{-}Min Li and
               Zhiwen Fang and
               Ke Xu},
  title     = {Combining MaxSAT Reasoning and Incremental Upper Bound for the Maximum
               Clique Problem},
  booktitle = {25th {IEEE} International Conference on Tools with Artificial Intelligence,
               {ICTAI} 2013, Herndon, VA, USA, November 4-6, 2013},
  pages     = {939--946},
  publisher = {{IEEE} Computer Society},
  year      = {2013},
  url       = {https://doi.org/10.1109/ICTAI.2013.143},
  doi       = {10.1109/ICTAI.2013.143},
  timestamp = {Wed, 16 Oct 2019 14:14:56 +0200},
  biburl    = {https://dblp.org/rec/conf/ictai/LiFX13.bib},
  bibsource = {dblp computer science bibliography, https://dblp.org}
}


@article{CarraghanPardalos,
  author = {Carraghan, Randy and Pardalos, Panos M.},
  title = {An Exact Algorithm for the Maximum Clique Problem},
  year = {1990},
  %issue_date = {November, 1990},
  publisher = {Elsevier Science Publishers B. V.},
  address = {NLD},
  volume = {9},
  number = {6},
  issn = {0167-6377},
  url = {https://doi.org/10.1016/0167-6377(90)90057-C},
  doi = {10.1016/0167-6377(90)90057-C},
  journal = {Oper. Res. Lett.},
  month = nov,
  pages = {375â€“382},
  numpages = {8},
  keywords = {enumerative algorithm, Fortran program, maximum clique, test problems}
}

@inproceedings{NW,
  author    = {Deepak Puthal and
               Surya Nepal and
               C{\'{e}}cile Paris and
               Rajiv Ranjan and
               Jinjun Chen},
  editor    = {Barbara Carminati and
               Latifur Khan},
  title     = {Efficient Algorithms for Social Network Coverage and Reach},
  booktitle = {2015 {IEEE} International Congress on Big Data, New York City, NY,
               USA, June 27 - July 2, 2015},
  pages     = {467--474},
  publisher = {{IEEE} Computer Society},
  year      = {2015},
  url       = {https://doi.org/10.1109/BigDataCongress.2015.75},
  doi       = {10.1109/BigDataCongress.2015.75},
  timestamp = {Wed, 16 Oct 2019 14:14:55 +0200},
  biburl    = {https://dblp.org/rec/conf/bigdata/PuthalNPRC15.bib},
  bibsource = {dblp computer science bibliography, https://dblp.org}
}

@article{CG,
  author    = {Pedro V. Sander and
               Diego Nehab and
               Eden Chlamtac and
               Hugues Hoppe},
  title     = {Efficient traversal of mesh edges using adjacency primitives},
  journal   = {{ACM} Trans. Graph.},
  volume    = {27},
  number    = {5},
  pages     = {144},
  year      = {2008},
  url       = {https://doi.org/10.1145/1409060.1409097},
  doi       = {10.1145/1409060.1409097},
  timestamp = {Tue, 14 May 2019 17:07:35 +0200},
  biburl    = {https://dblp.org/rec/journals/tog/SanderNCH08.bib},
  bibsource = {dblp computer science bibliography, https://dblp.org}
}

@inproceedings{RP,
  author    = {Tim Kieritz and
               Dennis Luxen and
               Peter Sanders and
               Christian Vetter},
  editor    = {Paola Festa},
  title     = {Distributed Time-Dependent Contraction Hierarchies},
  booktitle = {Experimental Algorithms, 9th International Symposium, {SEA} 2010,
               Ischia Island, Naples, Italy, May 20-22, 2010. Proceedings},
  series    = {Lecture Notes in Computer Science},
  volume    = {6049},
  pages     = {83--93},
  publisher = {Springer},
  year      = {2010},
  url       = {https://doi.org/10.1007/978-3-642-13193-6\_8},
  doi       = {10.1007/978-3-642-13193-6\_8},
  timestamp = {Tue, 14 May 2019 10:00:42 +0200},
  biburl    = {https://dblp.org/rec/conf/wea/KieritzLSV10.bib},
  bibsource = {dblp computer science bibliography, https://dblp.org}
}

@article{BIO1,
  author    = {Sergiy Butenko and
               Wilbert E. Wilhelm},
  title     = {Clique-detection models in computational biochemistry and genomics},
  journal   = {Eur. J. Oper. Res.},
  volume    = {173},
  number    = {1},
  pages     = {1--17},
  year      = {2006},
  url       = {https://doi.org/10.1016/j.ejor.2005.05.026},
  doi       = {10.1016/j.ejor.2005.05.026},
  timestamp = {Fri, 21 Feb 2020 13:16:07 +0100},
  biburl    = {https://dblp.org/rec/journals/eor/ButenkoW06.bib},
  bibsource = {dblp computer science bibliography, https://dblp.org}
}

@article{BIO2,
  author    = {Tammy M. K. Cheng and
               Yu{-}En Lu and
               Michele Vendruscolo and
               Pietro Li{\`{o}} and
               Tom L. Blundell},
  title     = {Prediction by Graph Theoretic Measures of Structural Effects in Proteins
               Arising from Non-Synonymous Single Nucleotide Polymorphisms},
  journal   = {PLoS Computational Biology},
  volume    = {4},
  number    = {7},
  year      = {2008},
  url       = {https://doi.org/10.1371/journal.pcbi.1000135},
  doi       = {10.1371/journal.pcbi.1000135},
  timestamp = {Sat, 19 Oct 2019 19:14:31 +0200},
  biburl    = {https://dblp.org/rec/journals/ploscb/ChengLVLB08.bib},
  bibsource = {dblp computer science bibliography, https://dblp.org}
}


@article{ChenDeg2,
  author    = {Jianer Chen and
               Iyad A. Kanj and
               Weijia Jia},
  title     = {Vertex Cover: Further Observations and Further Improvements},
  journal   = {J. Algorithms},
  volume    = {41},
  number    = {2},
  pages     = {280--301},
  year      = {2001},
  url       = {https://doi.org/10.1006/jagm.2001.1186},
  doi       = {10.1006/jagm.2001.1186},
  timestamp = {Sun, 28 May 2017 13:24:57 +0200},
  biburl    = {https://dblp.org/rec/journals/jal/ChenKJ01.bib},
  bibsource = {dblp computer science bibliography, https://dblp.org}
}

@article{XiaoUnconfined,
  author    = {Mingyu Xiao and
               Hiroshi Nagamochi},
  title     = {Confining sets and avoiding bottleneck cases: {A} simple maximum independent
               set algorithm in degree-3 graphs},
  journal   = {Theor. Comput. Sci.},
  volume    = {469},
  pages     = {92--104},
  year      = {2013},
  url       = {https://doi.org/10.1016/j.tcs.2012.09.022},
  doi       = {10.1016/j.tcs.2012.09.022},
  timestamp = {Wed, 14 Nov 2018 10:33:32 +0100},
  biburl    = {https://dblp.org/rec/journals/tcs/XiaoN13.bib},
  bibsource = {dblp computer science bibliography, https://dblp.org}
}

@article{NemhauserTrotter,
  author    = {George L. Nemhauser and
               Leslie E. Trotter Jr.},
  title     = {Vertex packings: Structural properties and algorithms},
  journal   = {Math. Program.},
  volume    = {8},
  number    = {1},
  pages     = {232--248},
  year      = {1975},
  url       = {https://doi.org/10.1007/BF01580444},
  doi       = {10.1007/BF01580444},
  timestamp = {Wed, 14 Nov 2018 10:49:04 +0100},
  biburl    = {https://dblp.org/rec/journals/mp/NemhauserT75.bib},
  bibsource = {dblp computer science bibliography, https://dblp.org}
}

@inproceedings{IwataOkaYoshida,
  author    = {Yoichi Iwata and
               Keigo Oka and
               Yuichi Yoshida},
  editor    = {Chandra Chekuri},
  title     = {Linear-Time {FPT} Algorithms via Network Flow},
  booktitle = {Proceedings of the Twenty-Fifth Annual {ACM-SIAM} Symposium on Discrete
               Algorithms, {SODA} 2014, Portland, Oregon, USA, January 5-7, 2014},
  pages     = {1749--1761},
  publisher = {{SIAM}},
  year      = {2014},
  url       = {https://doi.org/10.1137/1.9781611973402.127},
  doi       = {10.1137/1.9781611973402.127},
  timestamp = {Wed, 24 May 2017 08:31:21 +0200},
  biburl    = {https://dblp.org/rec/conf/soda/IwataOY14.bib},
  bibsource = {dblp computer science bibliography, https://dblp.org}
}




@inproceedings{LiQuan,
  author    = {Chu Min Li and
               Zhe Quan},
  editor    = {Maria Fox and
               David Poole},
  title     = {An Efficient Branch-and-Bound Algorithm Based on MaxSAT for the Maximum
               Clique Problem},
  booktitle = {Proceedings of the Twenty-Fourth {AAAI} Conference on Artificial Intelligence,
               {AAAI} 2010, Atlanta, Georgia, USA, July 11-15, 2010},
  publisher = {{AAAI} Press},
  year      = {2010},
  url       = {http://www.aaai.org/ocs/index.php/AAAI/AAAI10/paper/view/1611},
  timestamp = {Mon, 06 Nov 2017 17:26:30 +0100},
  biburl    = {https://dblp.org/rec/conf/aaai/LiQ10.bib},
  bibsource = {dblp computer science bibliography, https://dblp.org}
}



@inproceedings{LiMaxSat,
  author    = {Chu{-}Min Li and
               Hua Jiang and
               Ruchu Xu},
  editor    = {Clarisse Dhaenens and
               Laetitia Jourdan and
               Marie{-}El{\'{e}}onore Marmion},
  title     = {Incremental MaxSAT Reasoning to Reduce Branches in a Branch-and-Bound
               Algorithm for MaxClique},
  booktitle = {Learning and Intelligent Optimization - 9th International Conference,
               {LION} 9, Lille, France, January 12-15, 2015. Revised Selected Papers},
  series    = {Lecture Notes in Computer Science},
  volume    = {8994},
  pages     = {268--274},
  publisher = {Springer},
  year      = {2015},
  url       = {https://doi.org/10.1007/978-3-319-19084-6\_26},
  doi       = {10.1007/978-3-319-19084-6\_26},
  timestamp = {Tue, 14 May 2019 10:00:51 +0200},
  biburl    = {https://dblp.org/rec/conf/lion/LiJX15.bib},
  bibsource = {dblp computer science bibliography, https://dblp.org}
}




