@article{DBLP:journals/tcs/AkibaI16,
  author    = {Takuya Akiba and
               Yoichi Iwata},
  title     = {Branch-and-reduce exponential/FPT algorithms in practice: {A} case
               study of vertex cover},
  journal   = {Theor. Comput. Sci.},
  volume    = {609},
  pages     = {211--225},
  year      = {2016},
  url       = {https://doi.org/10.1016/j.tcs.2015.09.023},
  doi       = {10.1016/j.tcs.2015.09.023},
  timestamp = {Sun, 28 May 2017 13:20:09 +0200},
  biburl    = {https://dblp.org/rec/journals/tcs/AkibaI16.bib},
  bibsource = {dblp computer science bibliography, https://dblp.org}
}

@mastersthesis{schorr2020improved,
  title={Improved Branching Strategies for Maximum Independent Sets},
  author={Schorr, Christian},
  year={2020},
  school={Karlsruhe Institute of Technology}
}