@book{GareyJohnson,
  author    = {Michael R. Garey and
               David S. Johnson},
  title     = {Computers and Intractability: {A} Guide to the Theory of NP-Completeness},
  publisher = {W. H. Freeman},
  year      = {1979},
  isbn      = {0-7167-1044-7},
  timestamp = {Thu, 29 Mar 2007 16:16:40 +0200},
  biburl    = {https://dblp.org/rec/books/fm/GareyJ79.bib},
  bibsource = {dblp computer science bibliography, https://dblp.org}
}

@article{AkibaIwata,
  author    = {Takuya Akiba and
               Yoichi Iwata},
  title     = {Branch-and-reduce exponential/{FPT} algorithms in practice: {A} case
               study of vertex cover},
  journal   = {Theoretical Computer Science},
  volume    = {609},
  pages     = {211--225},
  year      = {2016},
  url       = {https://doi.org/10.1016/j.tcs.2015.09.023},
  doi       = {10.1016/j.tcs.2015.09.023},
  timestamp = {Sun, 28 May 2017 13:20:09 +0200},
  biburl    = {https://dblp.org/rec/journals/tcs/AkibaI16.bib},
  bibsource = {dblp computer science bibliography, https://dblp.org}
}

@article{Fomin,
  author    = {Fedor V. Fomin and
               Fabrizio Grandoni and
               Dieter Kratsch},
  title     = {A measure {\&} conquer approach for the analysis of exact algorithms},
  journal   = {J. {ACM}},
  volume    = {56},
  number    = {5},
  pages     = {25:1--25:32},
  year      = {2009},
  url       = {https://doi.org/10.1145/1552285.1552286},
  doi       = {10.1145/1552285.1552286},
  timestamp = {Wed, 14 Nov 2018 10:35:24 +0100},
  biburl    = {https://dblp.org/rec/journals/jacm/FominGK09.bib},
  bibsource = {dblp computer science bibliography, https://dblp.org}
}

@article{XiaoNagamochi,
  author    = {Mingyu Xiao and
               Hiroshi Nagamochi},
  title     = {Exact algorithms for maximum independent set},
  journal   = {Inf. Comput.},
  volume    = {255},
  pages     = {126--146},
  year      = {2017},
  url       = {https://doi.org/10.1016/j.ic.2017.06.001},
  doi       = {10.1016/j.ic.2017.06.001},
  timestamp = {Wed, 14 Nov 2018 10:35:08 +0100},
  biburl    = {https://dblp.org/rec/journals/iandc/XiaoN17.bib},
  bibsource = {dblp computer science bibliography, https://dblp.org}
}

@article{Bourgeois,
  author    = {Nicolas Bourgeois and
               Bruno Escoffier and
               Vangelis Th. Paschos and
               Johan M. M. van Rooij},
  title     = {Fast Algorithms for max independent set},
  journal   = {Algorithmica},
  volume    = {62},
  number    = {1-2},
  pages     = {382--415},
  year      = {2012},
  url       = {https://doi.org/10.1007/s00453-010-9460-7},
  doi       = {10.1007/s00453-010-9460-7},
  timestamp = {Wed, 17 May 2017 14:25:14 +0200},
  biburl    = {https://dblp.org/rec/journals/algorithmica/BourgeoisEPR12.bib},
  bibsource = {dblp computer science bibliography, https://dblp.org}
}

@article{ChenXiaKanj,
  author    = {Jianer Chen and
               Iyad A. Kanj and
               Ge Xia},
  title     = {Improved upper bounds for vertex cover},
  journal   = {Theoretical Computer Science},
  volume    = {411},
  number    = {40-42},
  pages     = {3736--3756},
  year      = {2010},
  url       = {https://doi.org/10.1016/j.tcs.2010.06.026},
  doi       = {10.1016/j.tcs.2010.06.026},
  timestamp = {Sun, 28 May 2017 13:20:06 +0200},
  biburl    = {https://dblp.org/rec/journals/tcs/ChenKX10.bib},
  bibsource = {dblp computer science bibliography, https://dblp.org}
}

@inproceedings{Kneis,
  author    = {Joachim Kneis and
               Alexander Langer and
               Peter Rossmanith},
  title     = {A Fine-grained Analysis of a Simple Independent Set Algorithm},
  booktitle = {{IARCS} Annual Conference on Foundations of Software Technology and
               Theoretical Computer Science},
  volume    = {4},
  pages     = {287--298},
  publisher = {Schloss Dagstuhl - Leibniz-Zentrum f{\"{u}}r Informatik},
  year      = {2009},
  url       = {https://doi.org/10.4230/LIPIcs.FSTTCS.2009.2326},
  doi       = {10.4230/LIPIcs.FSTTCS.2009.2326},
  timestamp = {Tue, 11 Feb 2020 15:52:14 +0100},
  biburl    = {https://dblp.org/rec/conf/fsttcs/KneisLR09.bib},
  bibsource = {dblp computer science bibliography, https://dblp.org}
}

@article{LiJiang,
  author    = {Chu{-}Min Li and
               Hua Jiang and
               Felip Many{\`{a}}},
  title     = {On minimization of the number of branches in branch-and-bound algorithms
               for the maximum clique problem},
  journal   = {Comput. Oper. Res.},
  volume    = {84},
  pages     = {1--15},
  year      = {2017},
  url       = {https://doi.org/10.1016/j.cor.2017.02.017},
  doi       = {10.1016/j.cor.2017.02.017},
  timestamp = {Tue, 18 Feb 2020 13:55:56 +0100},
  biburl    = {https://dblp.org/rec/journals/cor/LiJM17.bib},
  bibsource = {dblp computer science bibliography, https://dblp.org}
}

@inproceedings{LiFangXu,
  author    = {Chu{-}Min Li and
               Zhiwen Fang and
               Ke Xu},
  title     = {Combining MaxSAT Reasoning and Incremental Upper Bound for the Maximum
               Clique Problem},
  booktitle = {25th {IEEE} International Conference on Tools with Artificial Intelligence},
  pages     = {939--946},
  publisher = {{IEEE} Computer Society},
  year      = {2013},
  url       = {https://doi.org/10.1109/ICTAI.2013.143},
  doi       = {10.1109/ICTAI.2013.143},
  timestamp = {Wed, 16 Oct 2019 14:14:56 +0200},
  biburl    = {https://dblp.org/rec/conf/ictai/LiFX13.bib},
  bibsource = {dblp computer science bibliography, https://dblp.org}
}


@article{CarraghanPardalos,
  author = {Carraghan, Randy and Pardalos, Panos M.},
  title = {An Exact Algorithm for the Maximum Clique Problem},
  year = {1990},
  publisher = {Elsevier Science Publishers B. V.},
  volume = {9},
  number = {6},
  issn = {0167-6377},
  url = {https://doi.org/10.1016/0167-6377(90)90057-C},
  doi = {10.1016/0167-6377(90)90057-C},
  journal = {Oper. Res. Lett.},
  pages = {375â€“382},
  numpages = {8},
  keywords = {enumerative algorithm, Fortran program, maximum clique, test problems}
}

@inproceedings{NW,
  author    = {Deepak Puthal and
               Surya Nepal and
               C{\'{e}}cile Paris and
               Rajiv Ranjan and
               Jinjun Chen},
  title     = {Efficient Algorithms for Social Network Coverage and Reach},
  booktitle = {{IEEE} International Congress on Big Data},
  pages     = {467--474},
  publisher = {{IEEE} Computer Society},
  year      = {2015},
  url       = {https://doi.org/10.1109/BigDataCongress.2015.75},
  doi       = {10.1109/BigDataCongress.2015.75},
  timestamp = {Wed, 16 Oct 2019 14:14:55 +0200},
  biburl    = {https://dblp.org/rec/conf/bigdata/PuthalNPRC15.bib},
  bibsource = {dblp computer science bibliography, https://dblp.org}
}

@article{CG,
  author    = {Pedro V. Sander and
               Diego Nehab and
               Eden Chlamtac and
               Hugues Hoppe},
  title     = {Efficient traversal of mesh edges using adjacency primitives},
  journal   = {{ACM} Trans. Graph.},
  volume    = {27},
  number    = {5},
  pages     = {144},
  year      = {2008},
  url       = {https://doi.org/10.1145/1409060.1409097},
  doi       = {10.1145/1409060.1409097},
  timestamp = {Tue, 14 May 2019 17:07:35 +0200},
  biburl    = {https://dblp.org/rec/journals/tog/SanderNCH08.bib},
  bibsource = {dblp computer science bibliography, https://dblp.org}
}

@inproceedings{RP,
  author    = {Tim Kieritz and
               Dennis Luxen and
               Peter Sanders and
               Christian Vetter},
  title     = {Distributed Time-Dependent Contraction Hierarchies},
  booktitle = {Experimental Algorithms, 9th International Symposium},
  volume    = {6049},
  pages     = {83--93},
  publisher = {Springer},
  year      = {2010},
  url       = {https://doi.org/10.1007/978-3-642-13193-6\_8},
  doi       = {10.1007/978-3-642-13193-6\_8},
  timestamp = {Tue, 14 May 2019 10:00:42 +0200},
  biburl    = {https://dblp.org/rec/conf/wea/KieritzLSV10.bib},
  bibsource = {dblp computer science bibliography, https://dblp.org}
}

@article{BIO1,
  author    = {Sergiy Butenko and
               Wilbert E. Wilhelm},
  title     = {Clique-detection models in computational biochemistry and genomics},
  journal   = {Eur. J. Oper. Res.},
  volume    = {173},
  number    = {1},
  pages     = {1--17},
  year      = {2006},
  url       = {https://doi.org/10.1016/j.ejor.2005.05.026},
  doi       = {10.1016/j.ejor.2005.05.026},
  timestamp = {Fri, 21 Feb 2020 13:16:07 +0100},
  biburl    = {https://dblp.org/rec/journals/eor/ButenkoW06.bib},
  bibsource = {dblp computer science bibliography, https://dblp.org}
}

@article{BIO2,
  author    = {Tammy M. K. Cheng and
               Yu{-}En Lu and
               Michele Vendruscolo and
               Pietro Li{\`{o}} and
               Tom L. Blundell},
  title     = {Prediction by Graph Theoretic Measures of Structural Effects in Proteins
               Arising from Non-Synonymous Single Nucleotide Polymorphisms},
  journal   = {PLoS Computational Biology},
  volume    = {4},
  number    = {7},
  year      = {2008},
  url       = {https://doi.org/10.1371/journal.pcbi.1000135},
  doi       = {10.1371/journal.pcbi.1000135},
  timestamp = {Sat, 19 Oct 2019 19:14:31 +0200},
  biburl    = {https://dblp.org/rec/journals/ploscb/ChengLVLB08.bib},
  bibsource = {dblp computer science bibliography, https://dblp.org}
}


@article{ChenDeg2,
  author    = {Jianer Chen and
               Iyad A. Kanj and
               Weijia Jia},
  title     = {Vertex Cover: Further Observations and Further Improvements},
  journal   = {J. Algorithms},
  volume    = {41},
  number    = {2},
  pages     = {280--301},
  year      = {2001},
  url       = {https://doi.org/10.1006/jagm.2001.1186},
  doi       = {10.1006/jagm.2001.1186},
  timestamp = {Sun, 28 May 2017 13:24:57 +0200},
  biburl    = {https://dblp.org/rec/journals/jal/ChenKJ01.bib},
  bibsource = {dblp computer science bibliography, https://dblp.org}
}

@article{XiaoUnconfined,
  author    = {Mingyu Xiao and
               Hiroshi Nagamochi},
  title     = {Confining sets and avoiding bottleneck cases: {A} simple maximum independent
               set algorithm in degree-3 graphs},
  journal   = {Theoretical Computer Science},
  volume    = {469},
  pages     = {92--104},
  year      = {2013},
  url       = {https://doi.org/10.1016/j.tcs.2012.09.022},
  doi       = {10.1016/j.tcs.2012.09.022},
  timestamp = {Wed, 14 Nov 2018 10:33:32 +0100},
  biburl    = {https://dblp.org/rec/journals/tcs/XiaoN13.bib},
  bibsource = {dblp computer science bibliography, https://dblp.org}
}

@article{NemhauserTrotter,
  author    = {George L. Nemhauser and
               Leslie E. Trotter Jr.},
  title     = {Vertex packings: Structural properties and algorithms},
  journal   = {Math. Program.},
  volume    = {8},
  number    = {1},
  pages     = {232--248},
  year      = {1975},
  url       = {https://doi.org/10.1007/BF01580444},
  doi       = {10.1007/BF01580444},
  timestamp = {Wed, 14 Nov 2018 10:49:04 +0100},
  biburl    = {https://dblp.org/rec/journals/mp/NemhauserT75.bib},
  bibsource = {dblp computer science bibliography, https://dblp.org}
}

@inproceedings{IwataOkaYoshida,
  author    = {Yoichi Iwata and
               Keigo Oka and
               Yuichi Yoshida},
  title     = {Linear-Time {FPT} Algorithms via Network Flow},
  booktitle = {Proceedings of the Twenty-Fifth Annual {ACM-SIAM} Symposium on Discrete
               Algorithms},
  pages     = {1749--1761},
  publisher = {{SIAM}},
  year      = {2014},
  url       = {https://doi.org/10.1137/1.9781611973402.127},
  doi       = {10.1137/1.9781611973402.127},
  timestamp = {Wed, 24 May 2017 08:31:21 +0200},
  biburl    = {https://dblp.org/rec/conf/soda/IwataOY14.bib},
  bibsource = {dblp computer science bibliography, https://dblp.org}
}




@inproceedings{LiQuan,
  author    = {Chu Min Li and
               Zhe Quan},
  title     = {An Efficient Branch-and-Bound Algorithm Based on MaxSAT for the Maximum
               Clique Problem},
  booktitle = {Proceedings of the Twenty-Fourth {AAAI} Conference on Artificial Intelligence},
  publisher = {{AAAI} Press},
  year      = {2010},
  url       = {http://www.aaai.org/ocs/index.php/AAAI/AAAI10/paper/view/1611},
  timestamp = {Mon, 06 Nov 2017 17:26:30 +0100},
  biburl    = {https://dblp.org/rec/conf/aaai/LiQ10.bib},
  bibsource = {dblp computer science bibliography, https://dblp.org}
}



@inproceedings{LiMaxSat,
  author    = {Chu{-}Min Li and
               Hua Jiang and
               Ruchu Xu},
  title     = {Incremental MaxSAT Reasoning to Reduce Branches in a Branch-and-Bound
               Algorithm for MaxClique},
  booktitle = {Learning and Intelligent Optimization - 9th International Conference},
  volume    = {8994},
  pages     = {268--274},
  publisher = {Springer},
  year      = {2015},
  url       = {https://doi.org/10.1007/978-3-319-19084-6\_26},
  doi       = {10.1007/978-3-319-19084-6\_26},
  timestamp = {Tue, 14 May 2019 10:00:51 +0200},
  biburl    = {https://dblp.org/rec/conf/lion/LiJX15.bib},
  bibsource = {dblp computer science bibliography, https://dblp.org}
}

@InProceedings{pace,
  author =	{M. Ayaz Dzulfikar and Johannes K. Fichte and Markus Hecher},
  title =	{{The PACE 2019 Parameterized Algorithms and Computational Experiments Challenge: The Fourth Iteration}},
  booktitle =	{14th International Symposium on Parameterized and Exact Computation},
  pages =	{25:1--25:23},
  ISBN =	{978-3-95977-129-0},
  ISSN =	{1868-8969},
  year =	{2019},
  volume =	{148},
  publisher =	{Schloss Dagstuhl--Leibniz-Zentrum fuer Informatik},
  URL =		{https://drops.dagstuhl.de/opus/volltexte/2019/11486},
  URN =		{urn:nbn:de:0030-drops-114861},
  doi =		{10.4230/LIPIcs.IPEC.2019.25},
  annote =	{Keywords: Parameterized Algorithms, Vertex Cover Problem, Hypertree Decompositions, Implementation Challenge, FPT}
}

@article{ARW,
  author    = {Diogo Vieira Andrade and
               Mauricio G. C. Resende and
               Renato Fonseca F. Werneck},
  title     = {Fast local search for the maximum independent set problem},
  journal   = {J. Heuristics},
  volume    = {18},
  number    = {4},
  pages     = {525--547},
  year      = {2012},
  url       = {https://doi.org/10.1007/s10732-012-9196-4},
  doi       = {10.1007/s10732-012-9196-4},
  timestamp = {Thu, 18 May 2017 09:52:22 +0200},
  biburl    = {https://dblp.org/rec/journals/heuristics/AndradeRW12.bib},
  bibsource = {dblp computer science bibliography, https://dblp.org}
}

@inproceedings{Strash,
  author    = {Darren Strash},
  title     = {On the Power of Simple Reductions for the Maximum Independent Set
               Problem},
  booktitle = {Computing and Combinatorics - 22nd International Conference},
  volume    = {9797},
  pages     = {345--356},
  publisher = {Springer},
  year      = {2016},
  url       = {https://doi.org/10.1007/978-3-319-42634-1\_28},
  doi       = {10.1007/978-3-319-42634-1\_28},
  timestamp = {Tue, 14 May 2019 10:00:35 +0200},
  biburl    = {https://dblp.org/rec/conf/cocoon/Strash16.bib},
  bibsource = {dblp computer science bibliography, https://dblp.org}
}

@inproceedings{ChangKern,
  author    = {Lijun Chang and
               Wei Li and
               Wenjie Zhang},
  title     = {Computing {A} Near-Maximum Independent Set in Linear Time by Reducing-Peeling},
  booktitle = {Proceedings of the 2017 {ACM} International Conference on Management
               of Data},
  pages     = {1181--1196},
  publisher = {{ACM}},
  year      = {2017},
  url       = {https://doi.org/10.1145/3035918.3035939},
  doi       = {10.1145/3035918.3035939},
  timestamp = {Fri, 16 Aug 2019 19:40:28 +0200},
  biburl    = {https://dblp.org/rec/conf/sigmod/ChangLZ17.bib},
  bibsource = {dblp computer science bibliography, https://dblp.org}
}

@inproceedings{WGYC,
  author    = {Demian Hespe and
               Sebastian Lamm and
               Christian Schulz and
               Darren Strash},
  title     = {WeGotYouCovered: The Winning Solver from the {PACE} 2019 Challenge,
               Vertex Cover Track},
  booktitle = {Proceedings of the {SIAM} Workshop on Combinatorial Scientific Computing},
  pages     = {1--11},
  publisher = {{SIAM}},
  year      = {2020},
  url       = {https://doi.org/10.1137/1.9781611976229.1},
  doi       = {10.1137/1.9781611976229.1},
  timestamp = {Thu, 28 May 2020 19:11:22 +0200},
  biburl    = {https://dblp.org/rec/conf/siamcsc/HespeL0S20.bib},
  bibsource = {dblp computer science bibliography, https://dblp.org}
}

@incollection{METIS,
  author    = {George Karypis},
  title     = {{METIS} and ParMETIS},
  booktitle = {Encyclopedia of Parallel Computing},
  pages     = {1117--1124},
  publisher = {Springer},
  year      = {2011},
  url       = {https://doi.org/10.1007/978-0-387-09766-4\_500},
  doi       = {10.1007/978-0-387-09766-4\_500},
  timestamp = {Wed, 12 Jul 2017 09:11:52 +0200},
  biburl    = {https://dblp.org/rec/reference/parallel/Karypis11.bib},
  bibsource = {dblp computer science bibliography, https://dblp.org}
}

@inproceedings{performance,
  author    = {Sebastian Schlag and
               Vitali Henne and
               Tobias Heuer and
               Henning Meyerhenke and
               Peter Sanders and
               Christian Schulz},
  title     = {\emph{k}-way Hypergraph Partitioning via \emph{n}-Level Recursive
               Bisection},
  booktitle = {Proceedings of the Eighteenth Workshop on Algorithm Engineering and
               Experiments},
  pages     = {53--67},
  publisher = {{SIAM}},
  year      = {2016},
  url       = {https://doi.org/10.1137/1.9781611974317.5},
  doi       = {10.1137/1.9781611974317.5},
  timestamp = {Sun, 02 Jun 2019 21:11:58 +0200},
  biburl    = {https://dblp.org/rec/conf/alenex/SchlagHHMS016.bib},
  bibsource = {dblp computer science bibliography, https://dblp.org}
}

@article{GNUP,
  author    = {Ole Tange},
  title     = {{GNU} Parallel: The Command-Line Power Tool},
  journal   = {login Usenix Mag.},
  volume    = {36},
  number    = {1},
  year      = {2011},
  url       = {https://www.usenix.org/publications/login/february-2011-volume-36-number-1/gnu-parallel-command-line-power-tool},
  timestamp = {Thu, 02 Apr 2020 08:42:13 +0200},
  biburl    = {https://dblp.org/rec/journals/usenix-login/Tange11.bib},
  bibsource = {dblp computer science bibliography, https://dblp.org}
}

@inproceedings{KAHIP,
  author    = {Peter Sanders and
               Christian Schulz},
  title     = {Think Locally, Act Globally: Highly Balanced Graph Partitioning},
  booktitle = {Experimental Algorithms, 12th International Symposium},
  pages     = {164--175},
  year      = {2013},
  volume    = {7933},
  publisher = {Springer},
  year      = {2013}
}

@article{Stallmann,
  author    = {Matthias F. Stallmann and
               Yang Ho and
               Timothy D. Goodrich},
  title     = {Graph Profiling for Vertex Cover: Targeted Reductions in a Branch
               and Reduce Solver},
  journal   = {CoRR},
  volume    = {abs/2003.06639},
  year      = {2020},
  url       = {https://arxiv.org/abs/2003.06639},
  archivePrefix = {arXiv},
  eprint    = {2003.06639},
  timestamp = {Tue, 17 Mar 2020 14:18:27 +0100},
  biburl    = {https://dblp.org/rec/journals/corr/abs-2003-06639.bib},
  bibsource = {dblp computer science bibliography, https://dblp.org}
}

@inproceedings{DIMACS,
  author    = {David S. Johnson and
               Michael A. Trick},
  title     = {Introduction to the Second {DIMACS} Challenge: Cliques,
               coloring, and satisfiability},
  booktitle = {Cliques, Coloring, and Satisfiability, Proceedings of a {DIMACS} Workshop},
  volume    = {26},
  pages     = {1--7},
  publisher = {{DIMACS/AMS}},
  year      = {1993},
  url       = {https://doi.org/10.1090/dimacs/026/01},
  doi       = {10.1090/dimacs/026/01},
  timestamp = {Tue, 16 Jul 2019 17:45:06 +0200},
  biburl    = {https://dblp.org/rec/conf/dimacs/JohnsonT93.bib},
  bibsource = {dblp computer science bibliography, https://dblp.org}
}

@article{Henzinger,
  author    = {Monika Henzinger and
               Alexander Noe and
               Christian Schulz and
               Darren Strash},
  title     = {Practical Minimum Cut Algorithms},
  journal   = {{ACM} J. Exp. Algorithmics},
  volume    = {23},
  year      = {2018},
  url       = {https://doi.org/10.1145/3274662},
  doi       = {10.1145/3274662},
  timestamp = {Thu, 25 Jun 2020 21:28:47 +0200},
  biburl    = {https://dblp.org/rec/journals/jea/HenzingerNSS18.bib},
  bibsource = {dblp computer science bibliography, https://dblp.org}
}

@article{WEB_INST,
  author    = {Jure Leskovec and
               Kevin J. Lang and
               Anirban Dasgupta and
               Michael W. Mahoney},
  title     = {Community Structure in Large Networks: Natural Cluster Sizes and the
               Absence of Large Well-Defined Clusters},
  journal   = {Internet Math.},
  volume    = {6},
  number    = {1},
  pages     = {29--123},
  year      = {2009},
  url       = {https://doi.org/10.1080/15427951.2009.10129177},
  doi       = {10.1080/15427951.2009.10129177},
  timestamp = {Sun, 17 May 2020 00:26:33 +0200},
  biburl    = {https://dblp.org/rec/journals/im/LeskovecLDM09.bib},
  bibsource = {dblp computer science bibliography, https://dblp.org}
}

@article{WEB_INST2,
  author    = {R{\'{e}}ka Albert and
               Hawoong Jeong and
               Albert{-}L{\'{a}}szl{\'{o}} Barab{\'{a}}si},
  title     = {The diameter of the world wide web},
  journal   = {CoRR},
  volume    = {cond-mat/9907038},
  year      = {1999},
  url       = {http://arxiv.org/abs/cond-mat/9907038},
  timestamp = {Mon, 13 Aug 2018 16:47:33 +0200},
  biburl    = {https://dblp.org/rec/journals/corr/cond-mat-9907038.bib},
  bibsource = {dblp computer science bibliography, https://dblp.org}
}

@inproceedings{WEB_INST3,
  author    = {Jure Leskovec and
               Jon M. Kleinberg and
               Christos Faloutsos},
  title     = {Graphs over time: densification laws, shrinking diameters and possible
               explanations},
  booktitle = {Proceedings of the Eleventh {ACM} {SIGKDD} International Conference
               on Knowledge Discovery and Data Mining},
  pages     = {177--187},
  publisher = {{ACM}},
  year      = {2005},
  url       = {https://doi.org/10.1145/1081870.1081893},
  doi       = {10.1145/1081870.1081893},
  timestamp = {Sun, 02 Jun 2019 21:11:55 +0200},
  biburl    = {https://dblp.org/rec/conf/kdd/LeskovecKF05.bib},
  bibsource = {dblp computer science bibliography, https://dblp.org}
}

@inproceedings{WEB_INST4,
  author    = {J{\'{e}}r{\^{o}}me Kunegis},
  title     = {{KONECT:} the Koblenz network collection},
  booktitle = {22nd International World Wide Web Conference},
  pages     = {1343--1350},
  publisher = {{ACM}},
  year      = {2013},
  url       = {https://doi.org/10.1145/2487788.2488173},
  doi       = {10.1145/2487788.2488173},
  timestamp = {Tue, 06 Nov 2018 16:57:08 +0100},
  biburl    = {https://dblp.org/rec/conf/www/Kunegis13.bib},
  bibsource = {dblp computer science bibliography, https://dblp.org}
}

@misc{PACE_INST, title={PACE2019: Track 1 - Vertex Cover Instances}, url={https://zenodo.org/record/3368306}, DOI={10.5281/ZENODO.3368306}, abstractNote={Instances for the PACE Challenge 2019 on the Track 1a: Vertex Cover. The odd instances (001.hgr, 003.hgr, ...) were made public for all participants during the testing phase of the solvers, whereas the private instances (002.hgr, 004.hgr, ...) were used for the final evaluation and disclosed after the submission. For details we refer to: https://pacechallenge.org/2019/vc Instances originate from various publicly available graph sets and reductions from other combinatorial hard problems. Details will be made public in the PACE 2019 report.}, publisher={Zenodo}, author={M. Ayaz Dzulfikar and Fichte, Johannes K. and Hecher, Markus}, year={2019}}

@article{OCT,
  author    = {Falk H{\"{u}}ffner},
  title     = {Algorithm Engineering for Optimal Graph Bipartization},
  journal   = {J. Graph Algorithms Appl.},
  volume    = {13},
  number    = {2},
  pages     = {77--98},
  year      = {2009},
  url       = {https://doi.org/10.7155/jgaa.00177},
  doi       = {10.7155/jgaa.00177},
  timestamp = {Thu, 09 May 2019 16:06:21 +0200},
  biburl    = {https://dblp.org/rec/journals/jgaa/Huffner09.bib},
  bibsource = {dblp computer science bibliography, https://dblp.org}
}



@inproceedings{NUMVC,
  author    = {Yuanjie Li and
               Shaowei Cai and
               Wenying Hou},
  title     = {An Efficient Local Search Algorithm for Minimum Weighted Vertex Cover
               on Massive Graphs},
  booktitle = {Simulated Evolution and Learning - 11th International Conference},
  volume    = {10593},
  pages     = {145--157},
  publisher = {Springer},
  year      = {2017},
  url       = {https://doi.org/10.1007/978-3-319-68759-9\_13},
  doi       = {10.1007/978-3-319-68759-9\_13},
  timestamp = {Tue, 14 May 2019 10:00:41 +0200},
  biburl    = {https://dblp.org/rec/conf/seal/LiCH17.bib},
  bibsource = {dblp computer science bibliography, https://dblp.org}
}

@article{NDM,
  title={Nested dissection of a regular finite element mesh},
  author={George, Alan},
  journal={SIAM Journal on Numerical Analysis},
  volume={10},
  number={2},
  pages={345--363},
  year={1973},
  publisher={SIAM}
}

@article{NDCH,
  author    = {Lars Gottesb{\"{u}}ren and
               Michael Hamann and
               Tim Niklas Uhl and
               Dorothea Wagner},
  title     = {Faster and Better Nested Dissection Orders for Customizable Contraction
               Hierarchies},
  journal   = {Algorithms},
  volume    = {12},
  number    = {9},
  pages     = {196},
  year      = {2019},
  url       = {https://doi.org/10.3390/a12090196},
  doi       = {10.3390/a12090196},
  timestamp = {Sat, 05 Sep 2020 17:51:37 +0200},
  biburl    = {https://dblp.org/rec/journals/algorithms/GottesburenHUW19.bib},
  bibsource = {dblp computer science bibliography, https://dblp.org}
}


@article{Color,
  author    = {Pablo San Segundo and
               Crist{\'{o}}bal Tapia},
  title     = {Relaxed approximate coloring in exact maximum clique search},
  journal   = {Comput. Oper. Res.},
  volume    = {44},
  pages     = {185--192},
  year      = {2014},
  url       = {https://doi.org/10.1016/j.cor.2013.10.018},
  doi       = {10.1016/j.cor.2013.10.018},
  timestamp = {Tue, 18 Feb 2020 13:56:04 +0100},
  biburl    = {https://dblp.org/rec/journals/cor/SegundoT14.bib},
  bibsource = {dblp computer science bibliography, https://dblp.org}
}


